%%%%%%%%%%%%%%%%%%%%%%%%%%%%%%%%%%%%%%%%%%%%%%%%%%%%%%%%%%%%%%%%%%%
% References
%%%%%%%%%%%%%%%%%%%%%%%%%%%%%%%%%%%%%%%%%%%%%%%%%%%%%%%%%%%%%%%%%%%

@article{rb1990stl,
  title={STL: A seasonal-trend decomposition procedure based on loess},
  author={RB, CLEVELAND},
  journal={J Off Stat},
  volume={6},
  pages={3--73},
  year={1990}
}
@article{kocc2022fractional,
  title={Fractional Fourier transform in time series prediction},
  author={Ko{\c{c}}, Emirhan and Ko{\c{c}}, Aykut},
  journal={IEEE Signal Processing Letters},
  volume={29},
  pages={2542--2546},
  year={2022},
  publisher={IEEE}
}

@article{harlow1949formation,
  title     = {The formation of learning sets.},
  author    = {Harlow, Harry F},
  journal   = {Psychological review},
  volume    = {56},
  number    = {1},
  pages     = {51},
  year      = {1949},
  publisher = {American Psychological Association}
}

% concept drift scenarios
@article{liu2025onsitnet,
  title     = {OnsitNet: A memory-capable online time series forecasting model incorporating a self-attention mechanism},
  author    = {Liu, Hui and Wang, Zhengkai and Dong, Xiyao and Du, Junzhao},
  journal   = {Expert Systems with Applications},
  volume    = {259},
  pages     = {125231},
  year      = {2025},
  publisher = {Elsevier}
}

% decomposed-based approach for time-series data
@article{liu2022scinet,
  title   = {Scinet: Time series modeling and forecasting with sample convolution and interaction},
  author  = {Liu, Minhao and Zeng, Ailing and Chen, Muxi and Xu, Zhijian and Lai, Qiuxia and Ma, Lingna and Xu, Qiang},
  journal = {Advances in Neural Information Processing Systems},
  volume  = {35},
  pages   = {5816--5828},
  year    = {2022}
}
@inproceedings{chen2021autoformer,
  title     = {Autoformer: Searching transformers for visual recognition},
  author    = {Chen, Minghao and Peng, Houwen and Fu, Jianlong and Ling, Haibin},
  booktitle = {Proceedings of the IEEE/CVF international conference on computer vision},
  pages     = {12270--12280},
  year      = {2021}
}
@inproceedings{zhou2022fedformer,
  title        = {Fedformer: Frequency enhanced decomposed transformer for long-term series forecasting},
  author       = {Zhou, Tian and Ma, Ziqing and Wen, Qingsong and Wang, Xue and Sun, Liang and Jin, Rong},
  booktitle    = {International conference on machine learning},
  pages        = {27268--27286},
  year         = {2022},
  organization = {PMLR}
}

% cross-former
@inproceedings{zhang2023crossformer,
  title={Crossformer: Transformer utilizing cross-dimension dependency for multivariate time series forecasting},
  author={Zhang, Yunhao and Yan, Junchi},
  booktitle={The eleventh international conference on learning representations},
  year={2023}
}

% attention
@article{vaswani2017attention,
  title   = {Attention is all you need},
  author  = {Vaswani, A},
  journal = {Advances in Neural Information Processing Systems},
  year    = {2017}
}
@article{bahdanau2014neural,
  title   = {Neural machine translation by jointly learning to align and translate},
  author  = {Bahdanau, Dzmitry},
  journal = {arXiv preprint arXiv:1409.0473},
  year    = {2014}
}
@article{luong2015effective,
  title   = {Effective approaches to attention-based neural machine translation},
  author  = {Luong, Minh-Thang},
  journal = {arXiv preprint arXiv:1508.04025},
  year    = {2015}
}

% moving average model
@book{rosenblatt2000gaussian,
  title     = {Gaussian and non-Gaussian linear time series and random fields},
  author    = {Rosenblatt, Murray},
  year      = {2000},
  publisher = {Springer Science \& Business Media}
}

% Auto-regressive model
@article{moran1951hypothesis,
  author  = {Moran, P. A.},
  title   = {Hypothesis Testing in Time Series Analysis},
  journal = {Royal Statistical Society. Journal. Series A: General},
  volume  = {114},
  number  = {4},
  pages   = {579-579},
  year    = {1951},
  month   = {7},
  issn    = {0035-9238},
  doi     = {10.2307/2981095},
  url     = {https://doi.org/10.2307/2981095}
}

% survey fx
@inproceedings{heryadi2021foreign,
  title        = {Foreign exchange prediction using machine learning approach: A pilot study},
  author       = {Heryadi, Yaya and Wibowo, Antoni and others},
  booktitle    = {2021 4th International Conference on Information and Communications Technology (ICOIACT)},
  pages        = {239--242},
  year         = {2021},
  organization = {IEEE}
}
@article{islam2021foreign,
  title     = {Foreign exchange currency rate prediction using a GRU-LSTM hybrid network},
  author    = {Islam, Md Saiful and Hossain, Emam},
  journal   = {Soft Computing Letters},
  volume    = {3},
  pages     = {100009},
  year      = {2021},
  publisher = {Elsevier}
}
@article{ayitey2023forex,
  title     = {Forex market forecasting using machine learning: Systematic Literature Review and meta-analysis},
  author    = {Ayitey Junior, Michael and Appiahene, Peter and Appiah, Obed and Bombie, Christopher Ninfaakang},
  journal   = {Journal of Big Data},
  volume    = {10},
  number    = {1},
  pages     = {9},
  year      = {2023},
  publisher = {Springer}
}

% multi-task for stock prediction
@inproceedings{li2019multi,
  title     = {Multi-task recurrent neural networks and higher-order Markov random fields for stock price movement prediction: Multi-task RNN and higer-order MRFs for stock price classification},
  author    = {Li, Chang and Song, Dongjin and Tao, Dacheng},
  booktitle = {Proceedings of the 25th ACM SIGKDD international conference on knowledge discovery \& data mining},
  pages     = {1141--1151},
  year      = {2019}
}

% interested stock price depends on others
@article{overreactioncontrarian,
  title   = {WheN are contrarian profits due to stock market overreaction?},
  author  = {Andraw W. Lo, A. Craig MacKinlay},
  journal = {The review of financial studies},
  volume  = {3},
  number  = {2},
  pages   = {175--205},
  year    = {1990}
}

% interested stock price depends on others
@article{mech1993portfolio,
  title     = {Portfolio return autocorrelation},
  author    = {Mech, Timothy S},
  journal   = {Journal of Financial Economics},
  volume    = {34},
  number    = {3},
  pages     = {307--344},
  year      = {1993},
  publisher = {Elsevier}
}

% stock prices reflect the financial situation of companies
@article{fama1970efficient,
  title     = {Efficient capital markets: A review of theory and empirical work},
  author    = {Fama, Eugene F},
  journal   = {Journal of finance},
  volume    = {25},
  number    = {2},
  pages     = {383--417},
  year      = {1970},
  publisher = {Wiley}
}

% meta learning
@inproceedings{finn2017model,
  title        = {Model-agnostic meta-learning for fast adaptation of deep networks},
  author       = {Finn, Chelsea and Abbeel, Pieter and Levine, Sergey},
  booktitle    = {International conference on machine learning},
  pages        = {1126--1135},
  year         = {2017},
  organization = {PMLR}
}

% nhits
@inproceedings{challu2023nhits,
  title     = {Nhits: Neural hierarchical interpolation for time series forecasting},
  author    = {Challu, Cristian and Olivares, Kin G and Oreshkin, Boris N and Ramirez, Federico Garza and Canseco, Max Mergenthaler and Dubrawski, Artur},
  booktitle = {Proceedings of the AAAI conference on artificial intelligence},
  volume    = {37},
  number    = {6},
  pages     = {6989--6997},
  year      = {2023}
}

% nbeats
@article{oreshkin2019n,
  title={N-BEATS: Neural basis expansion analysis for interpretable time series forecasting},
  author={Oreshkin, Boris N and Carpov, Dmitri and Chapados, Nicolas and Bengio, Yoshua},
  journal={arXiv preprint arXiv:1905.10437},
  year={2019}
}

% book: Deep learning
@misc{goodfellow2016deep,
  title     = {Deep learning},
  author    = {Ian Goodfellow, Yoshua Bengio, Aaron Courville},
  year      = {2016},
  publisher = {MIT press}
}

% rnn
@article{rumelhart1986learning,
  title     = {Learning representations by back-propagating errors},
  author    = {Rumelhart, David E and Hinton, Geoffrey E and Williams, Ronald J},
  journal   = {nature},
  volume    = {323},
  number    = {6088},
  pages     = {533--536},
  year      = {1986},
  publisher = {Nature Publishing Group UK London}
}

% lstm
@article{hochreiter1997long,
  title     = {Long short-term memory},
  author    = {Hochreiter, Sepp and Schmidhuber, J{\"u}rgen},
  journal   = {Neural computation},
  volume    = {9},
  number    = {8},
  pages     = {1735--1780},
  year      = {1997},
  publisher = {MIT press}
}

% bilstm
@article{cui2018deep,
  title={Deep bidirectional and unidirectional LSTM recurrent neural network for network-wide traffic speed prediction},
  author={Cui, Zhiyong and Ke, Ruimin and Pu, Ziyuan and Wang, Yinhai},
  journal={arXiv preprint arXiv:1801.02143},
  year={2018}
}

% rnn variants
@inproceedings{lai2018modeling,
  title={Modeling long-and short-term temporal patterns with deep neural networks},
  author={Lai, Guokun and Chang, Wei-Cheng and Yang, Yiming and Liu, Hanxiao},
  booktitle={The 41st international ACM SIGIR conference on research \& development in information retrieval},
  pages={95--104},
  year={2018}
}
@article{shih2019temporal,
  title={Temporal pattern attention for multivariate time series forecasting},
  author={Shih, Shun-Yao and Sun, Fan-Keng and Lee, Hung-yi},
  journal={Machine Learning},
  volume={108},
  pages={1421--1441},
  year={2019},
  publisher={Springer}
}

% cnn
@article{lecun1989handwritten,
  title   = {Handwritten digit recognition with a back-propagation network},
  author  = {LeCun, Yann and Boser, Bernhard and Denker, John and Henderson, Donnie and Howard, Richard and Hubbard, Wayne and Jackel, Lawrence},
  journal = {Advances in neural information processing systems},
  volume  = {2},
  year    = {1989}
}
@inproceedings{samarawickrama2019multi,
  title={Multi-step-ahead prediction of exchange rates using artificial neural networks: a study on selected sri lankan foreign exchange rates},
  author={Samarawickrama, AJP and Fernando, TGI},
  booktitle={2019 14th Conference on Industrial and Information Systems (ICIIS)},
  pages={488--493},
  year={2019},
  organization={IEEE}
}
@inproceedings{zhao2020wavelet,
  title={Wavelet Denoised-ResNet CNN and LightGBM method to predict forex rate of change},
  author={Zhao, Yiqi and Khushi, Matloob},
  booktitle={2020 International Conference on Data Mining Workshops (ICDMW)},
  pages={385--391},
  year={2020},
  organization={IEEE}
}

% vanishing grad and capture long-term dependency
@inproceedings{cheng2018applied,
  title        = {Applied attention-based LSTM neural networks in stock prediction},
  author       = {Cheng, Li-Chen and Huang, Yu-Hsiang and Wu, Mu-En},
  booktitle    = {2018 IEEE International Conference on Big Data (Big Data)},
  pages        = {4716--4718},
  year         = {2018},
  organization = {IEEE}
}

% capture non-linear
@inproceedings{he2016exploiting,
  title        = {Exploiting LSTM structure in deep neural networks for speech recognition},
  author       = {He, Tianxing and Droppo, Jasha},
  booktitle    = {2016 IEEE international conference on acoustics, speech and signal processing (ICASSP)},
  pages        = {5445--5449},
  year         = {2016},
  organization = {IEEE}
}

% cnn img processing
@article{naranjo2020review,
  title     = {A review of convolutional neural network applied to fruit image processing},
  author    = {Naranjo-Torres, Jos{\'e} and Mora, Marco and Hern{\'a}ndez-Garc{\'\i}a, Ruber and Barrientos, Ricardo J and Fredes, Claudio and Valenzuela, Andres},
  journal   = {Applied Sciences},
  volume    = {10},
  number    = {10},
  pages     = {3443},
  year      = {2020},
  publisher = {MDPI}
}
@article{sharma2018analysis,
  title     = {An analysis of convolutional neural networks for image classification},
  author    = {Sharma, Neha and Jain, Vibhor and Mishra, Anju},
  journal   = {Procedia computer science},
  volume    = {132},
  pages     = {377--384},
  year      = {2018},
  publisher = {Elsevier}
}

% cnn in nlp
@inproceedings{varshitha2023natural,
  title        = {Natural language processing using convolutional neural network},
  author       = {Varshitha, Konda Sai and Kumari, Chinni Guna and Hasvitha, Muppala and Fiza, Shaik and Amarendra, K and Rachapudi, Venubabu},
  booktitle    = {2023 7th International Conference on Computing Methodologies and Communication (ICCMC)},
  pages        = {362--367},
  year         = {2023},
  organization = {IEEE}
}
@article{dua2022developing,
  title     = {Developing a speech recognition system for recognizing tonal speech signals using a convolutional neural network},
  author    = {Dua, Sakshi and Kumar, Sethuraman Sambath and Albagory, Yasser and Ramalingam, Rajakumar and Dumka, Ankur and Singh, Rajesh and Rashid, Mamoon and Gehlot, Anita and Alshamrani, Sultan S and AlGhamdi, Ahmed Saeed},
  journal   = {Applied Sciences},
  volume    = {12},
  number    = {12},
  pages     = {6223},
  year      = {2022},
  publisher = {MDPI}
}

% meta learning, survey
@article{hospedales2021meta,
  title     = {Meta-learning in neural networks: A survey},
  author    = {Hospedales, Timothy and Antoniou, Antreas and Micaelli, Paul and Storkey, Amos},
  journal   = {IEEE transactions on pattern analysis and machine intelligence},
  volume    = {44},
  number    = {9},
  pages     = {5149--5169},
  year      = {2021},
  publisher = {IEEE}
}
@article{vettoruzzo2024advances,
  title     = {Advances and challenges in meta-learning: A technical review},
  author    = {Vettoruzzo, Anna and Bouguelia, Mohamed-Rafik and Vanschoren, Joaquin and Rognvaldsson, Thorsteinn and Santosh, KC},
  journal   = {IEEE Transactions on Pattern Analysis and Machine Intelligence},
  year      = {2024},
  publisher = {IEEE}
}
@article{son2024meta,
  title={When meta-learning meets online and continual learning: A survey},
  author={Son, Jaehyeon and Lee, Soochan and Kim, Gunhee},
  journal={IEEE Transactions on Pattern Analysis and Machine Intelligence},
  year={2024},
  publisher={IEEE}
}

% perFed
@article{fallah2020personalized,
  title   = {Personalized federated learning: A meta-learning approach},
  author  = {Fallah, Alireza and Mokhtari, Aryan and Ozdaglar, Asuman},
  journal = {arXiv preprint arXiv:2002.07948},
  year    = {2020}
}

% cnn+lstm
@inproceedings{vo2017multi,
  title        = {Multi-channel LSTM-CNN model for Vietnamese sentiment analysis},
  author       = {Vo, Quan-Hoang and Nguyen, Huy-Tien and Le, Bac and Nguyen, Minh-Le},
  booktitle    = {2017 9th international conference on knowledge and systems engineering (KSE)},
  pages        = {24--29},
  year         = {2017},
  organization = {IEEE}
}

% fedMeta
@article{chen2018federated,
  title   = {Federated meta-learning with fast convergence and efficient communication},
  author  = {Chen, Fei and Luo, Mi and Dong, Zhenhua and Li, Zhenguo and He, Xiuqiang},
  journal = {arXiv preprint arXiv:1802.07876},
  year    = {2018}
}

% fedmeta-per
@inproceedings{nguyen2022meta,
  title        = {Meta-learning and personalization layer in federated learning},
  author       = {Nguyen, Bao-Long and Cao, Tat Cuong and Le, Bac},
  booktitle    = {Asian Conference on Intelligent Information and Database Systems},
  pages        = {209--221},
  year         = {2022},
  organization = {Springer}
}

% meta-sgd
@article{li2017meta,
  title   = {Meta-sgd: Learning to learn quickly for few-shot learning},
  author  = {Li, Zhenguo and Zhou, Fengwei and Chen, Fei and Li, Hang},
  journal = {arXiv preprint arXiv:1707.09835},
  year    = {2017}
}

% iMAML
@article{rajeswaran2019meta,
  title   = {Meta-learning with implicit gradients},
  author  = {Rajeswaran, Aravind and Finn, Chelsea and Kakade, Sham M and Levine, Sergey},
  journal = {Advances in neural information processing systems},
  volume  = {32},
  year    = {2019}
}

% reptile
@article{nichol2018first,
  title   = {On first-order meta-learning algorithms},
  author  = {Nichol, Alex and Achiam, Joshua and Schulman, John},
  journal = {arXiv preprint arXiv:1803.02999},
  year    = {2018}
}

% online learning
@article{hu2023meta,
  title   = {Meta-learning online adaptation of language models},
  author  = {Hu, Nathan and Mitchell, Eric and Manning, Christopher D and Finn, Chelsea},
  journal = {arXiv preprint arXiv:2305.15076},
  year    = {2023}
}

% domain adaptation
@article{khoee2024domain,
  title   = {Domain Generalization through Meta-Learning: A Survey},
  author  = {Khoee, Arsham Gholamzadeh and Yu, Yinan and Feldt, Robert},
  journal = {arXiv preprint arXiv:2404.02785},
  year    = {2024}
}

% neural forecast
@misc{neuralforecast,
  title   = {Neural Forecast - User friendly state-of-the-art neural forecasting models},
  author  = {Azul Garza},
  url     = {https://github.com/Nixtla/neuralforecast},
  journal = {GitHub}
}

% auto-keras
@article{jin2023autokeras,
  title   = {Autokeras: An automl library for deep learning},
  author  = {Jin, Haifeng and Chollet, Fran{\c{c}}ois and Song, Qingquan and Hu, Xia},
  journal = {Journal of machine Learning research},
  volume  = {24},
  number  = {6},
  pages   = {1--6},
  year    = {2023}
}

% ensemble model
@article{sadeghi2021combined,
  title     = {Combined ensemble multi-class SVM and fuzzy NSGA-II for trend forecasting and trading in Forex markets},
  author    = {Sadeghi, Alireza and Daneshvar, Amir and Zaj, Mahdi Madanchi},
  journal   = {Expert Systems with Applications},
  volume    = {185},
  pages     = {115566},
  year      = {2021},
  publisher = {Elsevier}
}
@inproceedings{zafeiriou2020intraday,
  title     = {Intraday ultra-short-term forecasting of foreign exchange rates using an ensemble of neural networks based on conventional technical indicators},
  author    = {Zafeiriou, Theodoros and Kalles, Dimitris},
  booktitle = {11th Hellenic Conference on Artificial Intelligence},
  pages     = {224--231},
  year      = {2020}
}
@article{ali2020complete,
  title     = {Complete ensemble empirical mode decomposition hybridized with random forest and kernel ridge regression model for monthly rainfall forecasts},
  author    = {Ali, Mumtaz and Prasad, Ramendra and Xiang, Yong and Yaseen, Zaher Mundher},
  journal   = {Journal of Hydrology},
  volume    = {584},
  pages     = {124647},
  year      = {2020},
  publisher = {Elsevier}
}

% ett-m2
@inproceedings{zhou2021informer,
  title     = {Informer: Beyond efficient transformer for long sequence time-series forecasting},
  author    = {Zhou, Haoyi and Zhang, Shanghang and Peng, Jieqi and Zhang, Shuai and Li, Jianxin and Xiong, Hui and Zhang, Wancai},
  booktitle = {Proceedings of the AAAI conference on artificial intelligence},
  volume    = {35},
  number    = {12},
  pages     = {11106--11115},
  year      = {2021}
}

@misc{Kolle,
  title   = {Weather dataset},
  author  = {Kolle, Olaf},
  url     = {https://www.bgc-jena.mpg.de/wetter/},
  journal = {Max-Planck-Institut fuer Biogeochemie - Wetterdaten},
  year    = {2008}
}