% survey fx
@inproceedings{heryadi2021foreign,
  title={Foreign exchange prediction using machine learning approach: A pilot study},
  author={Heryadi, Yaya and Wibowo, Antoni and others},
  booktitle={2021 4th International Conference on Information and Communications Technology (ICOIACT)},
  pages={239--242},
  year={2021},
  organization={IEEE}
}
@article{islam2021foreign,
  title={Foreign exchange currency rate prediction using a GRU-LSTM hybrid network},
  author={Islam, Md Saiful and Hossain, Emam},
  journal={Soft Computing Letters},
  volume={3},
  pages={100009},
  year={2021},
  publisher={Elsevier}
}
@article{ayitey2023forex,
  title={Forex market forecasting using machine learning: Systematic Literature Review and meta-analysis},
  author={Ayitey Junior, Michael and Appiahene, Peter and Appiah, Obed and Bombie, Christopher Ninfaakang},
  journal={Journal of Big Data},
  volume={10},
  number={1},
  pages={9},
  year={2023},
  publisher={Springer}
}

% multi-task for stock prediction
@inproceedings{li2019multi,
  title={Multi-task recurrent neural networks and higher-order Markov random fields for stock price movement prediction: Multi-task RNN and higer-order MRFs for stock price classification},
  author={Li, Chang and Song, Dongjin and Tao, Dacheng},
  booktitle={Proceedings of the 25th ACM SIGKDD international conference on knowledge discovery \& data mining},
  pages={1141--1151},
  year={2019}
}

% interested stock price depends on others
@article{overreactioncontrarian,
  title={WheN are contrarian profits due to stock market overreaction?},
  author={Andraw W. Lo, A. Craig MacKinlay},
  journal={The review of financial studies},
  volume={3},
  number={2},
  pages={175--205},
  year={1990},
}

% interested stock price depends on others
@article{mech1993portfolio,
  title={Portfolio return autocorrelation},
  author={Mech, Timothy S},
  journal={Journal of Financial Economics},
  volume={34},
  number={3},
  pages={307--344},
  year={1993},
  publisher={Elsevier}
}

% stock prices reflect the financial situation of companies
@article{fama1970efficient,
  title={Efficient capital markets: A review of theory and empirical work},
  author={Fama, Eugene F},
  journal={Journal of finance},
  volume={25},
  number={2},
  pages={383--417},
  year={1970},
  publisher={Wiley}
}

% meta learning
@inproceedings{finn2017model,
  title={Model-agnostic meta-learning for fast adaptation of deep networks},
  author={Finn, Chelsea and Abbeel, Pieter and Levine, Sergey},
  booktitle={International conference on machine learning},
  pages={1126--1135},
  year={2017},
  organization={PMLR}
}

% nhits
@inproceedings{challu2023nhits,
  title={Nhits: Neural hierarchical interpolation for time series forecasting},
  author={Challu, Cristian and Olivares, Kin G and Oreshkin, Boris N and Ramirez, Federico Garza and Canseco, Max Mergenthaler and Dubrawski, Artur},
  booktitle={Proceedings of the AAAI conference on artificial intelligence},
  volume={37},
  number={6},
  pages={6989--6997},
  year={2023}
}

% lstm
@article{hochreiter1997long,
  title={Long short-term memory},
  author={Hochreiter, Sepp and Schmidhuber, J{\"u}rgen},
  journal={Neural computation},
  volume={9},
  number={8},
  pages={1735--1780},
  year={1997},
  publisher={MIT press}
}

% cnn
@article{lecun1989handwritten,
  title={Handwritten digit recognition with a back-propagation network},
  author={LeCun, Yann and Boser, Bernhard and Denker, John and Henderson, Donnie and Howard, Richard and Hubbard, Wayne and Jackel, Lawrence},
  journal={Advances in neural information processing systems},
  volume={2},
  year={1989}
}

% vanishing grad and capture long-term dependency
@inproceedings{cheng2018applied,
  title={Applied attention-based LSTM neural networks in stock prediction},
  author={Cheng, Li-Chen and Huang, Yu-Hsiang and Wu, Mu-En},
  booktitle={2018 IEEE International Conference on Big Data (Big Data)},
  pages={4716--4718},
  year={2018},
  organization={IEEE}
}

% capture non-linear
@inproceedings{he2016exploiting,
  title={Exploiting LSTM structure in deep neural networks for speech recognition},
  author={He, Tianxing and Droppo, Jasha},
  booktitle={2016 IEEE international conference on acoustics, speech and signal processing (ICASSP)},
  pages={5445--5449},
  year={2016},
  organization={IEEE}
}

% cnn img processing
@article{naranjo2020review,
  title={A review of convolutional neural network applied to fruit image processing},
  author={Naranjo-Torres, Jos{\'e} and Mora, Marco and Hern{\'a}ndez-Garc{\'\i}a, Ruber and Barrientos, Ricardo J and Fredes, Claudio and Valenzuela, Andres},
  journal={Applied Sciences},
  volume={10},
  number={10},
  pages={3443},
  year={2020},
  publisher={MDPI}
}
@article{sharma2018analysis,
  title={An analysis of convolutional neural networks for image classification},
  author={Sharma, Neha and Jain, Vibhor and Mishra, Anju},
  journal={Procedia computer science},
  volume={132},
  pages={377--384},
  year={2018},
  publisher={Elsevier}
}

% cnn in nlp
@inproceedings{varshitha2023natural,
  title={Natural language processing using convolutional neural network},
  author={Varshitha, Konda Sai and Kumari, Chinni Guna and Hasvitha, Muppala and Fiza, Shaik and Amarendra, K and Rachapudi, Venubabu},
  booktitle={2023 7th International Conference on Computing Methodologies and Communication (ICCMC)},
  pages={362--367},
  year={2023},
  organization={IEEE}
}
@article{dua2022developing,
  title={Developing a speech recognition system for recognizing tonal speech signals using a convolutional neural network},
  author={Dua, Sakshi and Kumar, Sethuraman Sambath and Albagory, Yasser and Ramalingam, Rajakumar and Dumka, Ankur and Singh, Rajesh and Rashid, Mamoon and Gehlot, Anita and Alshamrani, Sultan S and AlGhamdi, Ahmed Saeed},
  journal={Applied Sciences},
  volume={12},
  number={12},
  pages={6223},
  year={2022},
  publisher={MDPI}
}

% meta learning, survey
@article{hospedales2021meta,
  title={Meta-learning in neural networks: A survey},
  author={Hospedales, Timothy and Antoniou, Antreas and Micaelli, Paul and Storkey, Amos},
  journal={IEEE transactions on pattern analysis and machine intelligence},
  volume={44},
  number={9},
  pages={5149--5169},
  year={2021},
  publisher={IEEE}
}
@article{vettoruzzo2024advances,
  title={Advances and challenges in meta-learning: A technical review},
  author={Vettoruzzo, Anna and Bouguelia, Mohamed-Rafik and Vanschoren, Joaquin and Rognvaldsson, Thorsteinn and Santosh, KC},
  journal={IEEE Transactions on Pattern Analysis and Machine Intelligence},
  year={2024},
  publisher={IEEE}
}

% perFed
@article{fallah2020personalized,
  title={Personalized federated learning: A meta-learning approach},
  author={Fallah, Alireza and Mokhtari, Aryan and Ozdaglar, Asuman},
  journal={arXiv preprint arXiv:2002.07948},
  year={2020}
}

% cnn+lstm
@inproceedings{vo2017multi,
  title={Multi-channel LSTM-CNN model for Vietnamese sentiment analysis},
  author={Vo, Quan-Hoang and Nguyen, Huy-Tien and Le, Bac and Nguyen, Minh-Le},
  booktitle={2017 9th international conference on knowledge and systems engineering (KSE)},
  pages={24--29},
  year={2017},
  organization={IEEE}
}

% fedMeta
@article{chen2018federated,
  title   = {Federated meta-learning with fast convergence and efficient communication},
  author  = {Chen, Fei and Luo, Mi and Dong, Zhenhua and Li, Zhenguo and He, Xiuqiang},
  journal = {arXiv preprint arXiv:1802.07876},
  year    = {2018}
}

% fedmeta-per
@inproceedings{nguyen2022meta,
  title={Meta-learning and personalization layer in federated learning},
  author={Nguyen, Bao-Long and Cao, Tat Cuong and Le, Bac},
  booktitle={Asian Conference on Intelligent Information and Database Systems},
  pages={209--221},
  year={2022},
  organization={Springer}
}

% meta-sgd
@article{li2017meta,
  title={Meta-sgd: Learning to learn quickly for few-shot learning},
  author={Li, Zhenguo and Zhou, Fengwei and Chen, Fei and Li, Hang},
  journal={arXiv preprint arXiv:1707.09835},
  year={2017}
}

% iMAML
@article{rajeswaran2019meta,
  title={Meta-learning with implicit gradients},
  author={Rajeswaran, Aravind and Finn, Chelsea and Kakade, Sham M and Levine, Sergey},
  journal={Advances in neural information processing systems},
  volume={32},
  year={2019}
}

% reptile
@article{nichol2018first,
  title={On first-order meta-learning algorithms},
  author={Nichol, Alex and Achiam, Joshua and Schulman, John},
  journal={arXiv preprint arXiv:1803.02999},
  year={2018}
}

% online learning
@article{hu2023meta,
  title={Meta-learning online adaptation of language models},
  author={Hu, Nathan and Mitchell, Eric and Manning, Christopher D and Finn, Chelsea},
  journal={arXiv preprint arXiv:2305.15076},
  year={2023}
}

% domain adaptation
@article{khoee2024domain,
  title={Domain Generalization through Meta-Learning: A Survey},
  author={Khoee, Arsham Gholamzadeh and Yu, Yinan and Feldt, Robert},
  journal={arXiv preprint arXiv:2404.02785},
  year={2024}
}

% neural forecast
@misc{neuralforecast,
  title={Neural Forecast - User friendly state-of-the-art neural forecasting models},
  author={Azul Garza},
  url={https://github.com/Nixtla/neuralforecast},
  journal={GitHub}
}

% auto-keras
@article{jin2023autokeras,
  title={Autokeras: An automl library for deep learning},
  author={Jin, Haifeng and Chollet, Fran{\c{c}}ois and Song, Qingquan and Hu, Xia},
  journal={Journal of machine Learning research},
  volume={24},
  number={6},
  pages={1--6},
  year={2023}
}
